1770 2361
259 65 282 97 6

255 157 485 200 mulcerem·
500 167 611 206 atque
637 151 852 205 pietatem(
894 151 1006 204 Quod
1032 153 1439 205 quidem-consilium,
1470 169 1529 197 ra.

258 232 363 264 tione
383 227 515 261 habita
531 225 628 267 loci,
655 224 860 270 temporis,
884 235 1034 268 rerum,
1058 225 1158 259 mihi
1169 224 1429 270 abjiciendum
1442 227 1528 266 fuit.

257 299 357 333 Mox
379 307 491 337 vero,
522 299 708 328 annuente
728 288 938 340 Magnifice
959 291 1186 327 Academiae
1205 295 1390 339 flectere,
1418 296 1530 331 Sena-

258 374 393 411 tusque
413 360 591 397 Patribus
613 359 863 406 ConscriptiS,
903 360 944 394 in
963 360 1104 395 hancce
1119 360 1231 397 diem
1249 370 1363 409 atque
1382 362 1532 407 horam,

261 432 309 468 ad
331 432 427 466 hanc
458 428 676 464 cathedram
704 427 891 474 pullatam
922 436 1034 475 atque
1061 437 1221 464 ati-atam
1248 432 1344 473 Vos,
1369 430 1531 473 Audito-

258 512 318 536 res
332 527 340 543 ,
356 498 477 537 omni,
493 508 565 544 qua
581 508 649 544 par
663 504 718 530 est
728 523 737 539 ,
752 494 1009 538 observantia,
1035 496 1250 532 invitandos
1263 498 1412 544 curavi5
1438 497 1531 543 jam.

261 568 339 614 jam
359 565 540 602 Manibus
559 564 743 600 Defuncti
764 565 898 599 Nostri
918 565 1117 611 litaturus3
1145 566 1233 601 oleo
1250 565 1407 614 quidem
1419 575 1535 615 atque

261 638 359 671 lacte
370 663 379 679 ‚
408 646 477 669 nec
492 634 606 668 thure
616 658 625 674 ‚
652 644 720 667 nec
734 633 910 677 myrrha,
937 644 1007 667 nec
1024 633 1190 669 aliorum
1204 642 1418 673 aromatum
1431 646 1534 670 sum-

261 702 413 739 tiosiori
442 699 642 747 dispendio
659 709 685 745 3·
712 699 779 735 sed
805 711 920 746 quam
946 700 1113 735 maxime
1136 698 1223 735 fieri
1247 702 1391 747 poterit
1408 712 1536 749 parce,

264 782 383 818 pure,
430 776 528 802 caste
562 775 673 812 atque
705 767 800 811 pie.'
820 766 823 769 ⁴
845 765 1066 811 Siquidem,
1107 761 1259 812 quidvis
1290 776 1461 803 sanctum
1490 780 1534 803 ao

265 848 432 874 sacrum·
458 841 583 869 sancte
624 832 742 867 etiam
776 834 837 876 ac:
854 843 955 866 sacre
991 833 1250 881 peragendum
1276 835 1361 870 erit.
1429 836 1532 883 Quid

263 918 355 940 vero
375 902 557 945 sanctius,
584 899 863 935 Defunctorum
881 899 1093 935 memoria?
1147 903 1251 949 Quae
1264 902 1420 950 quidem
1433 903 1532 938 mihi

263 970 550 1008 condecoranda
570 969 739 1010 videtur,
767 979 836 1001 nec
856 967 1062 1003 verborum
1084 981 1126 1004 ae
1147 970 1343 1016 phrasium
1367 971 1535 1006 fastuosa

265 1051 424 1088 pompa,
456 1047 525 1071 nec
545 1036 719 1071 colorum
740 1034 1114 1084 floridispigmentis
1129 1061 1139 1078 ‚
1169 1047 1238 1071 nec
1264 1038 1534 1075 sententiarum

265 1106 474 1143 studiosius
505 1097 766 1149 quaesitarum‘
790 1103 949 1149 argutiis
965 1128 976 1145 ,
1014 1103 1081 1140 sed
1110 1113 1293 1150 quantum
1319 1103 1406 1140 fieri
1427 1114 1534 1152 pote,

263 1176 316 1210 rit
332 1201 341 1217 ‚
376 1171 615 1219 dommum-&93
654 1170 708 1204 ita
727 1181 864 1217 nempe
880 1197 891 1214 ,
929 1178 974 1204 ut
998 1170 1076 1204 vita
1094 1197 1103 1214 ,
1144 1170 1220 1206 fata
1247 1180 1359 1219 atque
1385 1173 1533 1210 indoles

263 1242 372 1279 Beati
394 1251 507 1287 quam
528 1238 762 1273 brevissimis
783 1238 896 1273 lineis
915 1238 1293 1286 circumscribantur3
1321 1249 1366 1275 ut
1385 1242 1535 1285 merita,

266 1311 297 1344 si
328 1319 423 1355 quae
459 1306 603 1341 fuerint
618 1331 629 1346 ,
664 1304 775 1349 justis
790 1332 800 1347 ,
842 1305 1077 1351 minimeque
1102 1307 1335 1353 exaggeratis
1355 1308 1535 1346 laudibus

267 1373 602 1422 depraedicentur3
628 1379 672 1404 ut
686 1370 839 1404 tandem
849 1396 858 1412 ,
884 1371 916 1403 si
930 1366 999 1415 per
1013 1372 1197 1416 temporis
1216 1373 1403 1408 rationem
1416 1374 1536 1409 licue-

266 1445 317 1478 rit
335 1470 344 1485 ,
383 1451 495 1487 super
515 1438 681 1486 graviori
709 1436 876 1483 quodam
892 1440 1123 1484 'argumento
1145 1438 1313 1485 gravius,
1353 1441 1536 1489 uthtalem

268 1512 399 1547 locum
425 1507 617 1555 talemque
651 1505 888 1541 occasionem
916 1503 1042 1549 decet,
1077 1504 1315 1544 edisseratur.
1346 1535 1351 1537 >
1403 1536 1407 1538 .

374 1647 478 1691 Quae
487 1641 642 1688 quidem
650 1639 805 1686 jamjam
814 1650 1015 1677 conaturus
1024 1669 1033 1685 ,
1047 1643 1291 1692 partibusque
1298 1645 1537 1683 mihisumtis·

268 1726 338 1762 pro
352 1710 460 1746 virili
474 1709 672 1744 functurus
682 1736 691 1751 ,
718 1717 881 1743 vestram
897 1706 1118 1745 facilitatem
1135 1711 1305 1747 obtestor
1318 1712 1534 1757 Auditores,

267 1789 504 1825 vestramque
518 1776 836 1811 benevolentiam.
890 1778 1036 1823 Aequas
1046 1777 1147 1811 mihi
1162 1777 1415 1827 benigniusque
1429 1792 1534 1827 prae-

267 1848 388 1885 beatis
404 1857 522 1881 aures.
550 1843 737 1892 Lapsibus
746 1869 755 1886 ,
776 1844 842 1893 qui
854 1843 917 1881 vel
929 1845 1114 1894 cogitanti
1129 1846 1192 1882 vel
1204 1844 1345 1884 dicenti
1359 1847 1534 1896 obrepse-
