1770 2361
254 664 496 731 Extulimus
517 696 617 742 proh
636 694 765 731 dolor!
794 696 1006 734 extulimus
1024 695 1162 736 abhinc
1186 695 1378 739 uicinum,
1407 708 1520 743 atque

254 771 376 796 terrae
408 762 669 797 mandavimus
693 762 865 799 Andreae
889 762 1026 796 Brattii
1050 763 1170 797 nostri
1198 763 1322 805 tristes
1350 763 1518 803 exuvias.

254 832 444 865 Iacturam
469 830 628 866 fecimus
655 831 729 866 viri
749 830 861 874 boni,
889 830 980 864 civis
1003 830 1135 876 probi,
1163 829 1342 878 Collegae
1363 830 1519 875 conjun-

254 897 432 938 ctissimi,
454 897 619 933 doctoris
639 898 804 932 sollertis
821 906 933 944 atque
951 897 1112 941 eruditi3
1139 898 1226 931 talis
1242 897 1425 943 denique,
1453 898 1521 944 qui

251 963 533 1000 multisssebilis
540 964 704 1005 occidat,
719 964 895 1003 omnibus
911 974 1012 1005 certe
1027 964 1298 1005 existimandus
1314 965 1520 1011 suspicien-

254 1032 409 1077 dusqueL
451 1034 595 1066 Recens
615 1032 735 1078 igitur
754 1032 911 1072 vulnus,
931 1032 1108 1077 idemque
1132 1031 1410 1074 atrocissimum
1429 1033 1521 1068 huic

251 1107 400 1134 nostrae
425 1099 559 1146 Almae
595 1098 740 1144 Matri,
787 1106 847 1135 tot·
900 1098 1164 1132 funestissimis
1202 1097 1399 1132 funeribus
1439 1098 1517 1142 jam

206 1159 210 1160 ⁷
251 1167 425 1208 orbatae,
452 1173 511 1199 tot
533 1165 580 1199 ad
599 1174 748 1199 exteros
764 1165 1173 1211 praestantissimorum
1187 1165 1359 1199 virorum
1381 1165 1517 1200 disces-

250 1233 353 1267 sibus
389 1232 592 1295 exhaustae
619 1231 696 1276 jam
723 1240 760 1265 et
788 1243 917 1278 prope
939 1231 1010 1265 dev
1000 1239 1167 1287 astatae,
1200 1230 1391 1265 inflict-um
1417 1231 1512 1277 fuit3

251 1301 344 1334 dum
381 1312 481 1333 nuno
512 1309 550 1333 et
584 1299 699 1335 illum
726 1311 745 1332 e
772 1311 931 1335 numero
959 1300 1123 1332 Suorum
1150 1286 1303 1341 amisit,
1350 1300 1415 1345 qui
1445 1311 1513 1345 per

251 1367 383 1402 decem
410 1364 524 1400 annos
549 1363 678 1398 rerum
699 1349 931 1399 naturalium
956 1351 1101 1398 abditas
1125 1370 1268 1399 'caussas
1283 1391 1293 1407 ,
1337 1366 1515 1412 Artisque
1559 1371 1561 1373 ’

248 1434 453 1470 Euclideae
480 1432 775 1481 intelligentiam
809 1431 999 1474 studiosae
1027 1430 1218 1476 juventuti
1235 1433 1403 1468 maxima
1425 1445 1513 1471 cum

247 1501 361 1537 laude
385 1500 603 1534 tradiderat.
656 1499 795 1533 Amisit
819 1498 1043 1533 Academiae
1066 1500 1222 1535 Senatus
1244 1511 1511 1544 consessorem,

248 1570 314 1617 qui
335 1568 495 1617 consilio
515 1566 707 1615 pollebat,
744 1565 944 1613 prudentia
966 1567 1006 1610 in
1024 1565 1137 1601 rebus
1165 1566 1426 1615 arduisatque
1446 1581 1511 1604 an-

247 1636 426 1682 cipitibus
454 1635 608 1681 vigebat
623 1662 634 1676 ,
674 1633 910 1679 eundemque
940 1634 1188 1679 imperterriti
1216 1646 1364 1681 semper
1392 1637 1511 1671 animi

246 1716 408 1751 vereque
426 1702 584 1739 leonini.
639 1701 775 1751 Amisit
796 1700 919 1744 Ordo,
945 1714 1060 1749 quem
1076 1711 1230 1746 vocant,
1258 1703 1509 1752 Philosopho-

246 1785 331 1808 mm
342 1799 351 1815 ,
378 1770 592 1805 membrum
608 1770 786 1816 diligens,
802 1770 990 1816 vvigilans,
1017 1769 1162 1813 jurium
1176 1781 1336 1818 suorum
1352 1760 1514 1809 tenacis-

247 1842 408 1890 simum.⁴
462 1839 633 1893 Amisere
661 1839 875 1881 Musarum,
890 1825 1103 1875 nostrarum
1135 1838 1282 1885 alumni
1313 1839 1511 1880 doctorem
