1770 2361
258 218 368 256 atque
388 207 543 250 ducem,
575 208 616 241 in
638 206 838 242 altioribus
861 206 960 249 illis,
981 219 1071 254 quas
1087 205 1286 242 tradendas
1302 214 1526 254 susceperat,

259 275 469 322 disciplinis
503 275 570 309 vix
601 275 669 308 uni
700 284 738 309 et
766 275 877 310 alteri
910 275 1127 310 secundum.
1187 275 1325 309 Amisit
1352 275 1527 316 illustris,

257 355 353 392 quae
372 343 512 378 litteris
532 342 634 389 apud
653 355 720 378 nos
740 355 895 390 operam
916 352 1047 386 navat,
1074 344 1236 377 Svecana
1262 343 1380 377 Natio
1405 354 1527 389 popu-

255 413 377 447 larem
392 440 402 456 ,
436 411 624 451 fautorem
638 439 648 456 ‚
685 420 963 459 patronumque
979 439 989 455 ,
1028 411 1129 446 inter
1155 412 1282 447 Patres
1301 410 1525 446 Academiae

257 481 487 526 conscriptos
505 479 583 525 jam
597 480 753 514 unicum
774 477 891 513 eheu!
935 487 1046 526 atque
1065 489 1313 526 postremum.

361 616 464 650 Talis
488 617 563 651 viri
583 617 777 650 tumulum
793 615 1055 662 derelinquere
1072 617 1178 650 siccis
1192 615 1313 651 oculis
1324 641 1334 657 ‚
1361 626 1381 650 a
1396 616 1522 663 cippo,

255 696 369 732 quem
388 684 451 719 illi
473 684 680 727 ereximus,
707 684 909 731 sepulcrali
930 684 1103 718 secedere
1133 684 1269 718 clausis
1295 682 1427 726 labiis,
1455 682 1523 733 qb:

253 742 543 785 mutesoenteve'
562 744 695 798 lingua¹¹
709 742 744 794 ,⁴⁴
766 751 864 785 mihi
878 745 1285 797 {quidehtffi'piacnilum'
1299 751 1424 786 visum
1446 760 1522 794 est,

253 828 296 852 ac
325 812 502 866 religioa'
529 816 716 861 colenda,
751 816 1033 852 certe‘colenda
1046 818 1101 851 est
1116 826 1228 864 atque
1241 819 1422 853 servanda
1441 831 1520 852 me.v

254 887 377 922 moria
397 887 575 930 illorum,
606 888 672 935 qui
693 886 740 922 de
760 886 957 934 republica
971 885 1067 921 ben'e
1084 884 1271 922 meruere.
1324 888 1405 921 Nec
1418 896 1519 922 mor*

251 955 329 989 tuis
350 967 439 990 suus
461 955 583 990 honos
609 964 665 990 est
692 955 942 1002 denegandus.
995 957 1077 990 Nec
1106 954 1274 989 defuncti
1294 956 1371 989 suis
1395 955 1519 990 laudi-

251 1023 321 1057 bus
348 1011 435 1057 sunt
463 1022 722 1057 defraudandi.
774 1024 862 1066 Est,
899 1031 944 1056 ut
968 1034 1057 1057 cum
1083 1024 1264 1057 Menelao
1277 1023 1355 1058 illo
1373 1025 1517 1057 Home-

250 1090 332 1124 rico
356 1079 511 1136 loquar,
548 1099 604 1124 est
626 1090 806 1134 unicum,
847 1090 950 1137 quod
973 1099 1217 1125 aerumnosos
1236 1091 1416 1125 mortales
1439 1103 1517 1126 man

247 1166 330 1198 net,
356 1152 493 1191 munus
517 1167 630 1203 atque
652 1158 784 1201 decus,
812 1166 856 1192 ut
876 1158 993 1192 tonsis
1021 1158 1159 1202 comis,
1186 1156 1391 1206 effusisque
1405 1159 1516 1194 lacri-

247 1225 319 1259 mis
341 1225 483 1260 cineres
510 1225 669 1259 illorum
693 1238 929 1261 veneremur.

454 1323 550 1357 Τετο
571 1334 605 1356 νυ
625 1333 681 1366 κα]
702 1334 811 1369 Ὑεςοις
838 1319 901 1358 ὄιον
930 1318 1080 1370 ὅιζυξοισι
1109 1318 1279 1368 βξοτοισι,

451 1383 639 1432 Κειςαςθοη
661 1400 701 1422 τε
724 1400 844 1432 κομην,
866 1384 1014 1450 βαλεειν
1034 1386 1067 1424 τ’
1089 1386 1162 1424 οἰπο
1182 1382 1290 1434 ὃακξυ
1304 1399 1462 1435 ‘noceamv-

348 1494 460 1541 Quod
487 1495 573 1530 c'm'n
590 1505 664 1544 ego
683 1503 796 1531 nocte
814 1496 901 1540 illa,
935 1506 1030 1543 quae
1052 1496 1230 1543 exequias
1252 1495 1385 1531 Nostri
1404 1509 1511 1544 prae-

240 1562 369 1606 cessit,
404 1575 576 1611 quaeque
598 1576 684 1599 cum
707 1573 766 1600 tot
792 1565 876 1600 aliis
903 1565 1113 1599 insomnem
1134 1576 1196 1599 me
1216 1572 1329 1611 atque
1349 1565 1510 1602 medita-

239 1629 411 1664 bandum
424 1632 686 1677 ·praeterlapsa
703 1632 784 1673 est,
817 1632 1025 1679 diligenter
1046 1631 1346 1678 perpenderem3
1386 1635 1508 1668 maxi-

236 1686 392 1744 mopere
406 1697 506 1732 mihi
530 1697 657 1732 doluit
673 1696 719 1733 de
742 1699 824 1733 vice
848 1702 907 1734 tot
928 1707 1196 1745 tantorumque
1211 1698 1401 1740 virorum,
1428 1699 1507 1747 qui,

235 1764 438 1811 postquam
461 1761 594 1800 multis
622 1766 767 1814 vigiliis
792 1778 869 1801 non
891 1775 970 1800 tam
993 1767 1067 1801 sibi
1083 1792 1092 1808 ,
1116 1777 1247 1812 -quam
1273 1766 1357 1799 aliis
1372 1793 1382 1809 ,
1418 1753 1506 1813 pro-

232 1821 457 1877 spexerunt,
492 1844 624 1868 eorum
648 1833 840 1880 ipsorum,
882 1833 1018 1880 quibus
1043 1833 1084 1867 in
1103 1827 1202 1867 vivis
1224 1832 1424 1880 singularis
1447 1835 1506 1869 in-

235 1897 401 1935 dustriae
428 1902 603 1948 exempla
630 1901 810 1947 fuerunt,
847 1902 993 1937 incuria
1024 1902 1088 1937 vel
1123 1901 1273 1951 ignavia
1290 1929 1301 1946 ‚
1348 1914 1502 1949 prorsus
